@Book{two-pass-algorithm,
author = {L. Shapiro, G. Stockman},
title = {{Computer Vision}},
publisher = {{Prentice Hall}},
year = 2002,
url = "http://www.cse.msu.edu/~stockman/Book/2002/Chapters/ch3.pdf"
}

@Book{hungarian-algorithm,
author = {R.E. Burkard, M. Dell'Amico, S. Martello},
title = {{Assignment Problems}},
publisher = {{Society for Industrial and Applied Mathematics}},
year = 2009
}


@Misc{hsv:domimant-feature,
author = {Shamik Sural, Gang Qian and Sakti Pramanik},
title = {{Segmentation and Histogram Generation using the HSV Color Space
for Image Retrieval}},
publisher = {IEEE ICIP (Internation Conference on Image Processing)},
year = 2002
}

@Misc{isoperimetric-quotient:mathworld,
	author = {"Hermann Kremer", "Eric W. Weisstein"},
	title =  {{Isoperimetric Quotient}},
	url = "http://mathworld.wolfram.com/IsoperimetricQuotient.html",
	note = "From MathWorld -- A Wolfram Web Resource."
}

@Incollection{isoperimetric-inequality:springer,
	author = "Yu. D. Burago",
	title = "Isoperimetric inequality",
	booktitle = {{Encyclopaedia of Mathematics}},
	year = 2001,
	publisher = "Springer",
	isbn = "978-1556080104"
}

@Book{algo:hungarian,
  author = {"C. Papadimitriou", "K. Stieglitz"},
  publisher = {{Prentice Hall}},
  title = {{Combinatorial Optimization: Algorithms and Complexity}},
  year = 1982
}

@Misc{image:shape-01,
	author = {{jsanders}},
	url = "http://www.flickr.com/photos/sandersjds/527135332/sizes/z/in/photostream/"
}

@Book{boost:quote-c++-coding-standards,
  author = {"Herb Sutter", "Andrei Alexandrescu"},
  publisher = {{Addison-Wesley Professional}},
  title = "C++ Coding Standards",
  year = 2004
}

@Misc{ezlogger:overview,
  author = "David Maisonave",
  title = {{EzLogger - Overview}},
  year = 2006,
  url = "http://axter.com/ezlogger/",
  note = "[Online; accessed 15-May-2011]"
}

@Misc{opencv-wiki:main,
  author = {{OpenCV wiki group}},
  title = {{Welcome - OpenCV Wiki}},
  year = 2011,
  url = "http://opencv.willowgarage.com/wiki/",
  note = "[Online; accessed 15-May-2011]"
}

@Misc{libhungarian:stachnis,
  author = "Cyrill Stachniss",
  title = "{C Implementation of the Hungarian Method}",
  year = 2004,
  url = "http://www.informatik.uni-freiburg.de/~stachnis/misc.html",
  note = "[Online; accessed 15-May-2011]"
}

@Misc{gtest:gcode-summary,
  author = "Google",
  title = {{Google C++ Testing Framework}},
  year = 2011,
  url = "http://code.google.com/p/googletest/",
  note = "[Online; accessed 15-May-2011]"
}

@Misc{fann:sf-summary,
  author = "Steffen Nissen",
  title = {{Fast Artificial Neural Network Library}},
  url = "http://sourceforge.net/projects/fann/",
  note = "[Online; accessed 15-May-2011]"
}

@Manual{fann:sf-summary-old,
  author = "Steffen Nissen",
  title = {{Fast Artificial Neural Network Library}},
  year = "2011 (accessed May 15, 2011)",
  note = {[online] \url{http://sourceforge.net/projects/fann/}},
}

@misc{ wiki:xxx,
   author = "Wikipedia",
   title = "2011 Charsadda bombing --- Wikipedia{,} The Free Encyclopedia",
   year = "2011",
   url = "http://en.wikipedia.org/w/index.php?title=2011_Charsadda_bombing&oldid=429212944",
   note = "[Online; accessed 15-May-2011]"
 }

@ARTICLE{Bailey,
   author = "D. H. Bailey and P. N. Swarztrauber",
   title = "The fractional {F}ourier transform and applications",
   journal = "SIAM Rev.",
   volume = 33,
   number = 3,
   pages = "389--404",
   year = 1991
   }

@ARTICLE{Bay1,
   author = "A. Bayliss and C. I. Goldstein and E. Turkel",
   title = "An iterative method for the {H}elmholtz equation",
   journal = "J. Comp. Phys.",
   volume = 49,
   pages = "443--457",
   year = 1983
   }

@ARTICLE{Gold3,
   author = "C. I. Goldstein",
   title = "Multigrid methods for elliptic problems in unbounded domains",
   journal = "SIAM J. Numer. Anal.",
   volume = 30,
   pages = "159--183",
   year = 1993
   }

@BOOK{Hale,
   author = "J. K. Hale",
   title = "Theory of functional--differential equations",
   publisher = "Springer--Verlag, Berlin--Heidelberg--New York",
   year = 1977
   }

@INBOOK{Swa82,
   author = "P. N. Swarztrauber",
   title = "Vectorizing the {FFTs}",
   editor = "G.~Rodrigue",
   booktitle = "Parallel Computations",
   publisher = "Academic Press, New York",
   year = 1982
   }

@PHDTHESIS{Ta,
   author = "S. Ta'asan",
   title = "Multigrid Methods for Highly Oscillatory Problems",
   school = "Weizmann Institute of Science, Rehovot, Israel",
   year = "1984"
   }
